<?xml version="1.0" encoding="UTF-8"?>
  <record xmlns="http://www.loc.gov/MARC21/slim" type="Authority">
    <leader>00000nz  a2200000nc 4500</leader>
    <controlfield tag="001">11884721X</controlfield>
    <controlfield tag="003">DE-101</controlfield>
    <controlfield tag="005">20170209170236.0</controlfield>
    <controlfield tag="008">890301n||azznnaabn           | aaa    |c</controlfield>
    <datafield tag="024" ind1="7" ind2=" ">
      <subfield code="a">11884721X</subfield>
      <subfield code="0">http://d-nb.info/gnd/11884721X</subfield>
      <subfield code="2">gnd</subfield>
    </datafield>
    <datafield tag="035" ind1=" " ind2=" ">
      <subfield code="a">(DE-101)11884721X</subfield>
    </datafield>
    <datafield tag="035" ind1=" " ind2=" ">
      <subfield code="a">(DE-588)11884721X</subfield>
    </datafield>
    <datafield tag="035" ind1=" " ind2=" ">
      <subfield code="z">(DE-588a)11884721X</subfield>
      <subfield code="9">v:zg</subfield>
    </datafield>
    <datafield tag="035" ind1=" " ind2=" ">
      <subfield code="z">(DE-588c)4206730-3</subfield>
      <subfield code="9">v:zg</subfield>
    </datafield>
    <datafield tag="040" ind1=" " ind2=" ">
      <subfield code="a">DE-101</subfield>
      <subfield code="c">DE-101</subfield>
      <subfield code="9">r:DE-101</subfield>
      <subfield code="b">ger</subfield>
      <subfield code="d">9999</subfield>
    </datafield>
    <datafield tag="042" ind1=" " ind2=" ">
      <subfield code="a">gnd1</subfield>
    </datafield>
    <datafield tag="043" ind1=" " ind2=" ">
      <subfield code="c">XA-FR</subfield>
    </datafield>
    <datafield tag="065" ind1=" " ind2=" ">
      <subfield code="a">12.2p</subfield>
      <subfield code="2">sswd</subfield>
    </datafield>
    <datafield tag="075" ind1=" " ind2=" ">
      <subfield code="b">p</subfield>
      <subfield code="2">gndgen</subfield>
    </datafield>
    <datafield tag="075" ind1=" " ind2=" ">
      <subfield code="b">piz</subfield>
      <subfield code="2">gndspec</subfield>
    </datafield>
    <datafield tag="079" ind1=" " ind2=" ">
      <subfield code="a">g</subfield>
      <subfield code="q">s</subfield>
      <subfield code="q">f</subfield>
      <subfield code="q">n</subfield>
      <subfield code="q">a</subfield>
      <subfield code="u">v</subfield>
      <subfield code="u">o</subfield>
    </datafield>
    <datafield tag="100" ind1="1" ind2=" ">
      <subfield code="a">La Tour Landry, Geoffroy &#152;de&#156;</subfield>
      <subfield code="d">1326-1404</subfield>
    </datafield>
    <datafield tag="400" ind1="0" ind2=" ">
      <subfield code="a">Knight</subfield>
      <subfield code="c">of la Tour Landry</subfield>
      <subfield code="d">1326-1404</subfield>
    </datafield>
    <datafield tag="400" ind1="1" ind2=" ">
      <subfield code="a">Landry, Geoffroy de L.</subfield>
      <subfield code="d">1326-1404</subfield>
    </datafield>
    <datafield tag="400" ind1="1" ind2=" ">
      <subfield code="a">Tour Landry, Geoffroy &#152;de&#156;</subfield>
      <subfield code="d">1326-1404</subfield>
    </datafield>
    <datafield tag="400" ind1="1" ind2=" ">
      <subfield code="a">Tour, Gottfried</subfield>
      <subfield code="d">1326-1404</subfield>
    </datafield>
    <datafield tag="400" ind1="1" ind2=" ">
      <subfield code="a">Landry, Geoffroy L. &#152;de&#156;</subfield>
      <subfield code="d">1326-1404</subfield>
    </datafield>
    <datafield tag="400" ind1="1" ind2=" ">
      <subfield code="a">LaTour Landry, Geoffroy &#152;de&#156;</subfield>
      <subfield code="d">1326-1404</subfield>
      <subfield code="9">v:RAK alt</subfield>
    </datafield>
    <datafield tag="400" ind1="1" ind2=" ">
      <subfield code="a">LaTour-Landry, Geoffroy &#152;de&#156;</subfield>
      <subfield code="d">1326-1404</subfield>
      <subfield code="9">v:RAK alt</subfield>
    </datafield>
    <datafield tag="400" ind1="0" ind2=" ">
      <subfield code="a">Geoffroy</subfield>
      <subfield code="c">de LaTour Landry</subfield>
      <subfield code="d">1326-1404</subfield>
      <subfield code="9">v:RAK alt</subfield>
    </datafield>
    <datafield tag="400" ind1="1" ind2=" ">
      <subfield code="a">LaTour Landry, Geoffroy de</subfield>
      <subfield code="d">1326-1404</subfield>
      <subfield code="9">v:(VD-16)</subfield>
    </datafield>
    <datafield tag="400" ind1="1" ind2=" ">
      <subfield code="a">La Tour-Landry, Geoffroy &#152;de&#156;</subfield>
      <subfield code="d">1326-1404</subfield>
    </datafield>
    <datafield tag="400" ind1="1" ind2=" ">
      <subfield code="a">Landry, Geoffroy de LaTour</subfield>
      <subfield code="d">1326-1404</subfield>
    </datafield>
    <datafield tag="400" ind1="0" ind2=" ">
      <subfield code="a">Ritter</subfield>
      <subfield code="c">vom Turm</subfield>
      <subfield code="d">1326-1404</subfield>
    </datafield>
    <datafield tag="400" ind1="0" ind2=" ">
      <subfield code="a">Chevalier</subfield>
      <subfield code="c">de la Tour Landry</subfield>
      <subfield code="d">1326-1404</subfield>
    </datafield>
    <datafield tag="400" ind1="1" ind2=" ">
      <subfield code="a">Tour Landry, Geoffroy &#152;de la&#156;</subfield>
      <subfield code="d">1326-1404</subfield>
    </datafield>
    <datafield tag="400" ind1="0" ind2=" ">
      <subfield code="a">Geoffroy</subfield>
      <subfield code="c">de la Tour Landry</subfield>
      <subfield code="d">1326-1404</subfield>
    </datafield>
    <datafield tag="400" ind1="1" ind2=" ">
      <subfield code="a">Tour-Landry, Geoffroy &#152;de la&#156;</subfield>
      <subfield code="d">1326-1404</subfield>
    </datafield>
    <datafield tag="400" ind1="1" ind2=" ">
      <subfield code="a">Landry, Geoffroy de LaTour-</subfield>
      <subfield code="d">1326-1404</subfield>
    </datafield>
    <datafield tag="400" ind1="1" ind2=" ">
      <subfield code="a">Landry, Geoffroy d.</subfield>
      <subfield code="d">1326-1404</subfield>
    </datafield>
    <datafield tag="400" ind1="0" ind2=" ">
      <subfield code="a">Geoffroi</subfield>
      <subfield code="c">de la Tour Landry</subfield>
      <subfield code="d">1326-1404</subfield>
    </datafield>
    <datafield tag="400" ind1="1" ind2=" ">
      <subfield code="a">La Tour-Landry, Geoffroi</subfield>
      <subfield code="d">1326-1404</subfield>
    </datafield>
    <datafield tag="400" ind1="0" ind2=" ">
      <subfield code="a">Geoffroy de Latour-Landry</subfield>
      <subfield code="d">1326-1404</subfield>
    </datafield>
    <datafield tag="500" ind1="1" ind2=" ">
      <subfield code="a">Stein, Marquard &#152;von&#156;</subfield>
      <subfield code="4">beza</subfield>
      <subfield code="4">https://d-nb.info/standards/elementset/gnd#acquaintanceshipOrFriendship</subfield>
      <subfield code="w">r</subfield>
      <subfield code="i">Bekanntschaft</subfield>
      <subfield code="e">Bekanntschaft</subfield>
      <subfield code="9">v:VD-16 Mitverf.</subfield>
    </datafield>
    <datafield tag="500" ind1="1" ind2=" ">
      <subfield code="0">(DE-101)119858789</subfield>
      <subfield code="0">(DE-588)119858789</subfield>
      <subfield code="0">https://d-nb.info/gnd/119858789</subfield>
      <subfield code="a">Vielfeld, Jakob</subfield>
      <subfield code="4">beza</subfield>
      <subfield code="4">https://d-nb.info/standards/elementset/gnd#acquaintanceshipOrFriendship</subfield>
      <subfield code="w">r</subfield>
      <subfield code="i">Bekanntschaft</subfield>
      <subfield code="e">Bekanntschaft</subfield>
      <subfield code="9">v:VD-16 Mitverf.</subfield>
    </datafield>
    <datafield tag="548" ind1=" " ind2=" ">
      <subfield code="a">1326-1404</subfield>
      <subfield code="4">datl</subfield>
      <subfield code="4">https://d-nb.info/standards/elementset/gnd#dateOfBirthAndDeath</subfield>
      <subfield code="w">r</subfield>
      <subfield code="i">Lebensdaten</subfield>
      <subfield code="9">v:Geburtsjahr ca.</subfield>
    </datafield>
    <datafield tag="548" ind1=" " ind2=" ">
      <subfield code="a">ca. 1326-1404</subfield>
      <subfield code="4">datl</subfield>
      <subfield code="4">https://d-nb.info/standards/elementset/gnd#associatedDate</subfield>
      <subfield code="w">r</subfield>
      <subfield code="i">Lebensdaten</subfield>
    </datafield>
    <datafield tag="550" ind1=" " ind2=" ">
      <subfield code="0">(DE-101)040533093</subfield>
      <subfield code="0">(DE-588)4053309-8</subfield>
      <subfield code="0">https://d-nb.info/gnd/4053309-8</subfield>
      <subfield code="a">Schriftsteller</subfield>
      <subfield code="4">berc</subfield>
      <subfield code="4">https://d-nb.info/standards/elementset/gnd#professionOrOccupation</subfield>
      <subfield code="w">r</subfield>
      <subfield code="i">Charakteristischer Beruf</subfield>
    </datafield>
    <datafield tag="550" ind1=" " ind2=" ">
      <subfield code="0">(DE-101)040533093</subfield>
      <subfield code="0">(DE-588)4053309-8</subfield>
      <subfield code="0">https://d-nb.info/gnd/4053309-8</subfield>
      <subfield code="a">Schriftsteller</subfield>
      <subfield code="4">beru</subfield>
      <subfield code="4">https://d-nb.info/standards/elementset/gnd#professionOrOccupation</subfield>
      <subfield code="w">r</subfield>
      <subfield code="i">Beruf</subfield>
    </datafield>
    <datafield tag="667" ind1=" " ind2=" ">
      <subfield code="a">12-PMA</subfield>
    </datafield>
    <datafield tag="667" ind1=" " ind2=" ">
      <subfield code="a">12</subfield>
    </datafield>
    <datafield tag="667" ind1=" " ind2=" ">
      <subfield code="a">7</subfield>
    </datafield>
    <datafield tag="667" ind1=" " ind2=" ">
      <subfield code="a">VD-16</subfield>
    </datafield>
    <datafield tag="667" ind1=" " ind2=" ">
      <subfield code="a">4ELRAKm;Maschinell verknuepft mit DBL-Retro-Titeldaten</subfield>
    </datafield>
    <datafield tag="667" ind1=" " ind2=" ">
      <subfield code="a">VD-17</subfield>
    </datafield>
    <datafield tag="667" ind1=" " ind2=" ">
      <subfield code="a">aus PND übernommen</subfield>
      <subfield code="5">F09/19.12.11</subfield>
      <subfield code="5">CH-ZuETHN</subfield>
    </datafield>
    <datafield tag="667" ind1=" " ind2=" ">
      <subfield code="a">Quelle: DNB-Normdaten (Info DNB: (Geburtsjahr ca.) Land Frankreich (XA-FR) Beruf(e) Schriftsteller Weitere Angaben Franz. Schriftsteller)</subfield>
    </datafield>
    <datafield tag="670" ind1=" " ind2=" ">
      <subfield code="a">- TA; BN; LMA,V,1748</subfield>
    </datafield>
    <datafield tag="670" ind1=" " ind2=" ">
      <subfield code="a">GND</subfield>
    </datafield>
    <datafield tag="672" ind1=" " ind2="0">
      <subfield code="a">LaTour Landry, Geoffroy de: Der Ritter vom Turn von den Exempeln der gotsforcht vn̄ e*</subfield>
    </datafield>
    <datafield tag="672" ind1=" " ind2="0">
      <subfield code="a">LaTour Landry, Geoffroy de: Der Ritter vom Thurn Zuchtmaister der Weiber vnd Junckfrawen. ANweisuñg der Juñckfrawen ...  1538.  (VD16 L 653)</subfield>
    </datafield>
    <datafield tag="672" ind1=" " ind2="0">
      <subfield code="a">LaTour Landry, Geoffroy de: Der Ritter vom turn Oder der Spiegel dar Tugent vnd Ersamkeyt, mit gar schoenen vnd ...  1519.  (VD16 L 652)</subfield>
    </datafield>
    <datafield tag="672" ind1=" " ind2="0">
      <subfield code="a">LaTour Landry, Geoffroy de: Der Ritter vom Turn. von den exemplen der Gotzforcht vnd erberkeit.(durch den Edlen ...  1513.  (VD16 L 651)</subfield>
    </datafield>
    <datafield tag="672" ind1=" " ind2="0">
      <subfield code="a">LaTour Landry, Geoffroy de: Ritter vom Thurn Das ist: Spiegel der Tugent vñ Ehrsamkeit der Weiber vnd Jungfrawen ...  1593.  (VD16 L 655)</subfield>
    </datafield>
    <datafield tag="672" ind1=" " ind2="0">
      <subfield code="a">LaTour Landry, Geoffroy de: Ritter vom Thurn. Zuchtmeister der Weibar vnd Jungfrauwen Auß Biblischen vnd Weltlichen ...  1572.  (VD16 L 654)</subfield>
    </datafield>
    <datafield tag="672" ind1=" " ind2="0">
      <subfield code="a">LaTour Landry, Geoffroy de: Ritter vom Thurn. Zuchtmeister der Weiber vnd Junckfrawen. Auß Biblischen vnd Weltlichen ...  1560.  (VD16 ZV 16007)</subfield>
    </datafield>
    <datafield tag="678" ind1=" " ind2=" ">
      <subfield code="b">Franz. Schriftsteller</subfield>
    </datafield>
    <datafield tag="913" ind1=" " ind2=" ">
      <subfield code="S">pnd</subfield>
      <subfield code="i">a</subfield>
      <subfield code="a">La Tour Landry, Geoffroy /de</subfield>
      <subfield code="0">(DE-588a)11884721X</subfield>
    </datafield>
  </record>
